% bibliografia.bib

% Problema 16 de Hilbert
@book{hilbert1902mathematical,
  title={Mathematical problems},
  author={Hilbert, David},
  year={1902},
  publisher={Bulletin of the American Mathematical Society},
  note={Traducción al inglés de la conferencia original de 1900}
}

@article{ilyashenko2002centennial,
  title={Centennial history of Hilbert's 16th problem},
  author={Ilyashenko, Yulij},
  journal={Bulletin of the American Mathematical Society},
  volume={39},
  number={3},
  pages={301--354},
  year={2002}
}

% Teorema de Poincaré-Bendixson
@book{perko2001differential,
  title={Differential Equations and Dynamical Systems},
  author={Perko, Lawrence},
  year={2001},
  publisher={Springer}
}

@article{poincare1881memoire,
  title={Mémoire sur les courbes définies par une équation différentielle},
  author={Poincaré, Henri},
  journal={Journal de mathématiques pures et appliquées},
  volume={7},
  pages={375--422},
  year={1881}
}

@book{bendixson1901courbes,
  title={Sur les courbes définies par des équations différentielles},
  author={Bendixson, Ivar},
  journal={Acta Mathematica},
  volume={24},
  pages={1--88},
  year={1901}
}

% Conjetura de Dulac y finitud de ciclos límite
@article{dulac1923cycles,
  title={Sur les cycles limites},
  author={Dulac, Henri},
  journal={Bulletin de la Société Mathématique de France},
  volume={51},
  pages={45--188},
  year={1923}
}

@article{ecalle1992correction,
  title={Correction to: "Finiteness theorems for limit cycles"},
  author={Écalle, Jean},
  journal={Publications Mathématiques de l'IHÉS},
  volume={76},
  pages={1--12},
  year={1992}
}

@article{ilyashenko1991finiteness,
  title={Finiteness theorems for limit cycles},
  author={Ilyashenko, Yulij},
  journal={Russian Mathematical Surveys},
  volume={45},
  number={2},
  pages={143--200},
  year={1991}
}

% Oscilador de Van der Pol
@article{vanderpol1926forced,
  title={On relaxation-oscillations},
  author={Van der Pol, Balthasar},
  journal={The London, Edinburgh, and Dublin Philosophical Magazine and Journal of Science},
  volume={2},
  number={11},
  pages={978--992},
  year={1926}
}

@book{strogatz2018nonlinear,
  title={Nonlinear Dynamics and Chaos: With Applications to Physics, Biology, Chemistry, and Engineering},
  author={Strogatz, Steven H.},
  year={2018},
  publisher={CRC Press}
}

% Ecuación de Rayleigh
@article{rayleigh1883theory,
  title={The theory of sound},
  author={Rayleigh, John William Strutt},
  journal={Macmillan},
  year={1883}
}

% Modelo de FitzHugh-Nagumo
@article{fitzhugh1961impulses,
  title={Impulses and physiological states in theoretical models of nerve membrane},
  author={FitzHugh, Richard},
  journal={Biophysical Journal},
  volume={1},
  number={6},
  pages={445--466},
  year={1961}
}

@article{nagumo1962active,
  title={An active pulse transmission line simulating nerve axon},
  author={Nagumo, Jinichi and Arimoto, Suguru and Yoshizawa, Shuji},
  journal={Proceedings of the IRE},
  volume={50},
  number={10},
  pages={2061--2070},
  year={1962}
}

% Reacción de Belousov-Zhabotinsky
@article{zhabotinsky1964periodic,
  title={Periodic processes in a liquid phase oxidation reaction},
  author={Zhabotinsky, Anatol M.},
  journal={Doklady Akademii Nauk SSSR},
  volume={157},
  pages={392--395},
  year={1964}
}

% Aplicaciones modernas
@book{murray2002mathematical,
  title={Mathematical Biology: I. An Introduction},
  author={Murray, James D.},
  year={2002},
  publisher={Springer}
}

@book{khalil2002nonlinear,
  title={Nonlinear Systems},
  author={Khalil, Hassan K.},
  year={2002},
  publisher={Prentice Hall}
}

@book{guckenheimer1983nonlinear,
  title={Nonlinear Oscillations, Dynamical Systems, and Bifurcations of Vector Fields},
  author={Guckenheimer, John and Holmes, Philip},
  year={1983},
  publisher={Springer}
}

@book{wiggins2003introduction,
  title={Introduction to Applied Nonlinear Dynamical Systems and Chaos},
  author={Wiggins, Stephen},
  year={2003},
  publisher={Springer}
}

% Coordenadas polares
@book{perko2001differential,
  title={Differential Equations and Dynamical Systems},
  author={Perko, Lawrence},
  year={2001},
  publisher={Springer}
}

% Teoría de perturbaciones
@book{hinch1991perturbation,
  title={Perturbation Methods},
  author={Hinch, E. J.},
  year={1991},
  publisher={Cambridge University Press}
}

@book{bender2013advanced,
  title={Advanced Mathematical Methods for Scientists and Engineers I: Asymptotic Methods and Perturbation Theory},
  author={Bender, Carl M. and Orszag, Steven A.},
  year={2013},
  publisher={Springer}
}

% Teorema de Hartman-Grobman
@article{hartman1960lemma,
  title={A lemma in the theory of structural stability of differential equations},
  author={Hartman, Philip},
  journal={Proceedings of the American Mathematical Society},
  volume={11},
  number={4},
  pages={610--620},
  year={1960}
}

@book{hirsch2012differential,
  title={Differential Equations, Dynamical Systems, and an Introduction to Chaos},
  author={Hirsch, Morris W. and Smale, Stephen and Devaney, Robert L.},
  year={2012},
  publisher={Academic Press}
}

@book{hinch1991perturbation,
  title={Perturbation Methods},
  author={Hinch, E. J.},
  year={1991},
  publisher={Cambridge University Press}
}

@book{bender2013advanced,
  title={Advanced Mathematical Methods for Scientists and Engineers I: Asymptotic Methods and Perturbation Theory},
  author={Bender, Carl M. and Orszag, Steven A.},
  year={2013},
  publisher={Springer}
}

% Teorema de Poincaré-Bendixson y conjuntos límite
@article{poincare1881memoire,
  title={Mémoire sur les courbes définies par une équation différentielle},
  author={Poincaré, Henri},
  journal={Journal de mathématiques pures et appliquées},
  volume={7},
  pages={375--422},
  year={1881}
}

@book{bendixson1901courbes,
  title={Sur les courbes définies par des équations différentielles},
  author={Bendixson, Ivar},
  journal={Acta Mathematica},
  volume={24},
  pages={1--88},
  year={1901}
}

@book{hirsch2012differential,
  title={Differential Equations, Dynamical Systems, and an Introduction to Chaos},
  author={Hirsch, Morris W. and Smale, Stephen and Devaney, Robert L.},
  year={2012},
  publisher={Academic Press}
}

@book{strogatz2018nonlinear,
  title={Nonlinear Dynamics and Chaos: With Applications to Physics, Biology, Chemistry, and Engineering},
  author={Strogatz, Steven H.},
  year={2018},
  publisher={CRC Press}
}

@book{arnold1992ordinary,
  title={Ordinary Differential Equations},
  author={Arnold, Vladimir I.},
  year={1992},
  publisher={Springer}
}

% Curvas homoclínicas y heteroclínicas
@book{kuznetsov2013elements,
  title={Elements of Applied Bifurcation Theory},
  author={Kuznetsov, Yuri A.},
  year={2013},
  publisher={Springer}
}

% Oscilador de Van der Pol
@book{guckenheimer1983nonlinear,
  title={Nonlinear Oscillations, Dynamical Systems, and Bifurcations of Vector Fields},
  author={Guckenheimer, John and Holmes, Philip},
  year={1983},
  publisher={Springer}
}

@book{khalil2002nonlinear,
  title={Nonlinear Systems},
  author={Khalil, Hassan K.},
  year={2002},
  publisher={Prentice Hall}
}

% Teorema de Poincaré-Bendixson aplicado al oscilador de Van der Pol
@book{wiggins2003introduction,
  title={Introduction to Applied Nonlinear Dynamical Systems and Chaos},
  author={Wiggins, Stephen},
  year={2003},
  publisher={Springer}
}

% Función de Lyapunov y análisis de estabilidad
@book{hahn1967stability,
  title={Stability of Motion},
  author={Hahn, Wolfgang},
  year={1967},
  publisher={Springer}
}

@book{lasalle1961stability,
  title={Stability by Liapunov's Direct Method with Applications},
  author={LaSalle, Joseph and Lefschetz, Solomon},
  year={1961},
  publisher={Academic Press}
}
% Ecuación de Rayleigh y análisis cualitativo
@book{khalil2002nonlinear,
  title={Nonlinear Systems},
  author={Khalil, Hassan K.},
  year={2002},
  publisher={Prentice Hall}
}

@book{guckenheimer1983nonlinear,
  title={Nonlinear Oscillations, Dynamical Systems, and Bifurcations of Vector Fields},
  author={Guckenheimer, John and Holmes, Philip},
  year={1983},
  publisher={Springer}
}

% Teorema de Poincaré-Bendixson aplicado a sistemas específicos
@book{wiggins2003introduction,
  title={Introduction to Applied Nonlinear Dynamical Systems and Chaos},
  author={Wiggins, Stephen},
  year={2003},
  publisher={Springer}
}

% Funciones de Lyapunov y estabilidad
@book{hahn1967stability,
  title={Stability of Motion},
  author={Hahn, Wolfgang},
  year={1967},
  publisher={Springer}
}

@book{lasalle1961stability,
  title={Stability by Liapunov's Direct Method with Applications},
  author={LaSalle, Joseph and Lefschetz, Solomon},
  year={1961},
  publisher={Academic Press}
}

% Sistemas de Liénard
@article{lienard1928oscillations,
  title={Étude des oscillations entretenues},
  author={Liénard, Alfred},
  journal={Revue générale de l'électricité},
  volume={23},
  pages={901--912},
  year={1928}
}

@book{perko2001differential,
  title={Differential Equations and Dynamical Systems},
  author={Perko, Lawrence},
  year={2001},
  publisher={Springer}
}

@book{guckenheimer1983nonlinear,
  title={Nonlinear Oscillations, Dynamical Systems, and Bifurcations of Vector Fields},
  author={Guckenheimer, John and Holmes, Philip},
  year={1983},
  publisher={Springer}
}

@book{hale1980ordinary,
  title={Ordinary Differential Equations},
  author={Hale, Jack K.},
  year={1980},
  publisher={Krieger Publishing Company}
}

@book{khalil2002nonlinear,
  title={Nonlinear Systems},
  author={Khalil, Hassan K.},
  year={2002},
  publisher={Prentice Hall}
}

% Teoría de promediación
@book{hinch1991perturbation,
  title={Perturbation Methods},
  author={Hinch, E. J.},
  year={1991},
  publisher={Cambridge University Press}
}

@book{bender2013advanced,
  title={Advanced Mathematical Methods for Scientists and Engineers I: Asymptotic Methods and Perturbation Theory},
  author={Bender, Carl M. and Orszag, Steven A.},
  year={2013},
  publisher={Springer}
}
